/home/jrha/Documents/library.bib